@article{fleming2003real,
  title={Real-world illumination and the perception of surface reflectance properties},
  author={Fleming, Roland W and Dror, Ron O and Adelson, Edward H},
  journal={Journal of Vision},
  volume={3},
  number={5},
  pages={3},
  year={2003}
}

@article{wang13lighting,
	author = {Lei Wang and A. E. Kaufman},
	title = {Lighting System for Visual Perception Enhancement in Volume Rendering},
	journal ={IEEE Transactions on Visualization and Computer Graphics},
	volume = {19},
	number = {1},
	year = {2013},
	pages = {67-80}
}

@article{zhang13lighting, 
	author={Yubo Zhang and Kwan-Liu Ma}, 
	journal={Visualization and Computer Graphics, IEEE Transactions on}, 
	title={Lighting Design for Globally Illuminated Volume Rendering}, 
	year={2013}, 
	volume={19}, 
	number={12}, 
	pages={2946-2955}
}

@inproceedings{keller97instantradiosity,
	author = {Keller, Alexander},
	title = {Instant Radiosity},
	booktitle = {Proceedings of the 24th Annual Conference on Computer Graphics and Interactive Techniques},
	year = {1997},
	pages = {49--56}
}

@article{liu2004perceptual,
  title={Perceptual biases in the interpretation of 3D shape from shading},
  author={Liu, Baoxia and Todd, James T and others},
  journal={Vision research},
  volume={44},
  number={18},
  pages={2135--2146},
  year={2004},
  publisher={Oxford; New York: Pergamon Press, 1961-}
}

@inproceedings{caniard2007distortion,
  title={Distortion in 3D shape estimation with changes in illumination},
  author={Caniard, Franck and Fleming, Roland W},
  booktitle={Proceedings of the 4th symposium on Applied perception in graphics and visualization},
  pages={99--105},
  year={2007},
  organization={ACM}
}
@inproceedings{halle2003lightkit,
  title={LightKit: A lighting system for effective visualization},
  author={Halle, Michael and Meng, Jeanette},
  booktitle={Visualization, 2003. VIS 2003. IEEE},
  pages={363--370},
  year={2003},
  organization={IEEE}
}


@article{dee11shadowperception,
	author = {Dee, Hannah M. and Santos, Paulo E.},
	title = {The Perception and Content of Cast Shadows: An Interdisciplinary Review},
	journal = {Spatial Cognition \& Computation},
	volume = {11},
	number = {3},
	pages = {226--253},
	year = {2011}
}






@article{sun98sun,
	author = {Sun, J. and Perona, P.},
	title = {Where is the sun?},
	year = {1998},
	pages = {183--184},
	journal = {Nature Neuroscience},
	number = {1},
	issue = {3}
}

@book{nicolaides41darkmeansdeep,
	author = {Nicolaides, K.},
	title = {The Natural Way to Draw},
	year = {1941},
	publisher = {Houghton Mifflin}
}

@article{langer00diffuseperception,
	author = {Langer, Michael S. and B{\"u}lthoff, Heinrich H.},
	title = {Depth discrimination from shading under diffuse lighting},
	year = {2000},
	pages = {649--660},
	journal = {Perception},
	volume = {29},
	number = {6}
}

@inproceedings{solteszova11chromatic,
	title =  {Chromatic Shadows for Improved Perception},
	author = {Veronika \v{S}olt{\'e}szov{\'a} and Daniel Patel and Ivan Viola},
	booktitle = {Proceedings of Non-Photorealistic Animation and Rendering (NPAR)},
	year = {2011},
	pages = {105--115}
}

@inproceedings{diaz08vicinityocclusion,
	author = {D\'{\i}az, Jos\'{e} and Yela, H\'{e}ctor and V\'{a}zquez, Pere-Pau},
	title = {Vicinity Occlusion Maps - Enhanced depth perception of volumetric models},
	booktitle = {Computer Graphics Int.},
	year = {2008},
	pages = {56-63}
}

@article{joensson12photon,
  author       = {J{\"o}nsson, Daniel and Kronander, Joel and Ropinski, Timo and Ynnerman, Anders},
  title        = {{Historygrams: Enabling Interactive Global Illumination in Direct Volume Rendering using Photon Mapping}},
  journal      = {IEEE Transactions on Visualization and Computer Graphics},
  year         = {2012},
  number       = {12},
  volume       = {18},
  pages        = {2364--2371}
}



@article{wanger92shadows1,
	author = {Wanger, Leonard C. and Ferwerda, James A. and Greenberg, Donald P.},
	title = {Perceiving Spatial Relationships in Computer-Generated Images},
	journal = {IEEE Comput. Graph. Appl.},
	volume = {12},
	number = {3},
	year = {1992},
	pages = {44--51, 54-58}
}

@inproceedings{wanger92shadows2,
	author = {Wanger, Leonard C.},
	title = {The effect of shadow quality on the perception of spatial relationships in computer generated imagery},
	booktitle = {Symp. on Interactive 3D graphics},
	year = {1992},
	pages = {39--42}
}

@article{smelyanskiy09fidelity,
    author = {Smelyanskiy, Mikhail and Holmes, David and Chhugani, Jatin and Larson, Alan and Carmean, Douglas M. and Hanson, Dennis and Dubey, Pradeep and Augustine, Kurt and Kim, Daehyun and Kyker, Alan and Lee, Victor W. and Nguyen, Anthony D. and Seiler, Larry and Robb, Richard},
    title = {Mapping High-Fidelity Volume Rendering for Medical Imaging to CPU, GPU and Many-Core Architectures},
    journal = {IEEE Trans. on Visualization and Computer Graphics},
    volume = {15},
    issue = {6},
    year = {2009},
    pages = {1563--1570},
}

@article{lindemann11perception,
  author = {Lindemann, Florian and Ropinski, Timo},
  title = {About the Influence of Illumination Models on Image Comprehension in Direct Volume Rendering},
  journal = {IEEE Transactions on Visualization and Computer Graphics},
  volume = {17},
	number = {12},
	pages = {1922--1931},
  year = {2011}
}


@article{max95opticalmodels,
	author = {Max, Nelson},
	title = {Optical Models for Direct Volume Rendering},
	year = {1995},
	pages = {99--108},
	journal = {IEEE Transations on Visualization and Computer Graphics},
	volume = {1},
	number = {2}
}

@inproceedings{max10volillum,
  author = {Nelson Max and Min Chen},
  title = {Local and Global Illumination in the Volume Rendering Integral},
  booktitle = {Scientific Visualization: Advanced Concepts},
  year = {2010},
  pages = {259-274}
}


@techreport{kroes11montecarlo,
	author = {Kroes, Thomas and Post, Frits H. and Botha, Charl P.},
	title = {Interactive Direct Volume Rendering with Physically-Based Lighting},
	institution = {Delft University of Technology},
	type = {Preprint},
	number = {2011-11},
	year = {2011},
	pages = {1--10}
}

@article{kroes12exposure,
    author = {Kroes, , Thomas AND Post, , Frits H. AND Botha, , Charl P.},
    journal = {PLoS ONE},
    title = {Exposure Render: An Interactive Photo-Realistic Volume Rendering Framework},
    year = {2012},
    volume = {7}
}

@inproceedings{stewart03vicinityshading,
	author = {Stewart, A. James},
	title = {Vicinity Shading for Enhanced Perception of Volumetric Data},
	booktitle = {IEEE Visualization},
	year = {2003},
	pages = {355--362}
}

@article{ropinski08ambientocclusion,
	author = {Ropinski, Timo and Meyer-Spradow, Jennis and Diepenbrock, Stefan and Mensmann, J{\"o}rg and Hinrichs, Klaus H.},
	title = {Interactive Volume Rendering with Dynamic Ambient Occlusion and Color Bleeding},
	year = {2008},
	pages = {567--576},
	journal = {Computer Graphics Forum (Eurographics 2008)},
	volume = {27},
	number = {2}
}

@inproceedings{ritschel07shvolren,
	author = {Tobias Ritschel},
	title = {Fast GPU-based Visibility Computation for Natural Illumination of Volume Data Sets},
	booktitle = {Eurographics Short Paper Proceedings 2007},
	pages = {17--20},	
	year = {2007}
}

@inproceedings{lindemann10shlighting,
	author = {Lindemann, Florian and Ropinski, Timo},
	title = {Advanced Light Material Interaction for Direct Volume Rendering},
	booktitle = {IEEE/EG Int. Symp. on Volume Graphics},
	pages = {101--108},
	year = {2010}
}

@article{schlegel11extinction, 
	author = {Schlegel, Philipp and Makhinya, Maxim and Pajarola, Renato},
	title = {Extinction-based Shading and Illumination in {GPU} Volume Ray-Casting}, 
	journal = {IEEE Transactions on Visualization and Computer Graphics},
	volume = {17},
	number = {12},
	pages = {1795--1802},
  year = {2011}
}

@article{kronander12sh,
	author = {Joel Kronander and Daniel J{\"o}nsson and Joakim L{\"o}w and Patric Ljung and Anders Ynnerman and Jonas Unger},
	title = {Efficient Visibility Encoding for Dynamic Illumination in Direct Volume Rendering},
	journal = {IEEE Transactions on Visualization and Computer Graphics},
	year = {2012},
	pages = {447--462},
  number = {3},
  volume = {18}
}

@article{zhang13photonmapping, 
	author={Zhang, Y. and Dong, Z. and Ma, K.}, 
	title={Real-time Volume Rendering in Dynamic Lighting Environments Using Precomputed Photon Mapping},
	journal = {IEEE Transactions on Visualization and Computer Graphics},
	year = {2013},
	pages = {1317--1330},
  number = {8},
  volume = {19}
}

@inproceedings{zhang13fast,
 author = {Zhang, Yubo and Ma, Kwan-Liu},
 title = {Fast Global Illumination for Interactive Volume Visualization},
 booktitle = {I3D},
 year = {2013},
 pages = {55--62}
}

@inproceedings{weber13transmit,
  author    = {Weber, Christoph and Kaplanyan, Anton and Stamminger, Marc and Dachsbacher, Carsten},
  title     = {Interactive Direct Volume Rendering with Many-light Methods and Transmittance Caching},
  booktitle = {VMV},
  year      = {2013},
  pages     = {195-202}
}

@inproceedings{kaplanyan10lightprop,
 author = {Kaplanyan, Anton and Dachsbacher, Carsten},
 title = {Cascaded Light Propagation Volumes for Real-time Indirect Illumination},
 booktitle = {I3D},
 year = {2010},
 pages = {99--107}
} 

% ITERATIVE
@article{kniss03translucentvr,
    author = {Kniss, Joe and Premoze, Simon and Hansen, Charles and Shirley, Peter and McPherson, Allen},
    title = {A Model for Volume Lighting and Modeling},
    year = {2003},
    pages = {150--162},
    journal = {IEEE Transations on Visualization and Computer Graphics},
    volume = {9},
    number = {2}
}

@article{schott09directionalocclusion,
		author = {M. Schott and V. Pegoraro and C.D. Hansen and K. Boulanger and K. Bouatouch},
		title = {A Directional Occlusion Shading Model for Interactive Direct Volume Rendering},
		journal = {Computer Graphics Forum (Proceedings of Eurographics/IEEE VGTC Symposium on Visualization 2009)},
		volume = {28},
		number = {3},
		pages = {855--862},
		year = {2009}
}

@article{solteszova10multidirectional,
	author = {Veronika \v{S}olt{\'e}szov{\'a} and Daniel Patel and Stefan Bruckner and Ivan Viola},
	title = {A Multidirectional Occlusion Shading Model for Direct Volume Rendering},
	journal = {Computer Graphics Forum (Eurographics/IEEE VGTC Symp. on Visualization 2010)},
	volume = {29},
	number = {3},
	year = {2010},
	pages = {883--891}
}

@article{sunden11ipsvi,
  author = {Sund\'en, Erik and Ynnerman, Anders and Ropinski, Timo},
  title = {Image Plane Sweep Volume Illumination},
  journal = {IEEE Transactions on Visualization and Computer Graphics},
  year = {2011},
	number = {12},
  volume = {17},
  pages = {2125--2134}
}

@article{jonsson13illumsurvey,
  author       = {J{\"o}nsson, Daniel and Sund\'en, Erik and Ynnerman, Anders and Ropinski, Timo},
  title        = {{A Survey of Volumetric Illumination Techniques for Interactive Volume Rendering}},
  journal      = {Computer Graphics Forum},
  number       = {1},
  volume       = {33},
  pages        = {27--51},
  year         = {2014}
}


% ILLUMINATION CACHE
@inproceedings{behrens98shadowvolume,
	author = {Behrens, Uwe and Ratering, Ralf},
	title = {{Adding Shadows to a Texture-Based Volume Renderer}},
	booktitle = {IEEE/EG Symposium on Volume Visualization},
	year = {1998},
	pages = {39--46}
}

@article{ropinski10unconstrained,
  author = {Ropinski, Timo and D{\"o}ring, Christian and Rezk Salama, Christof},
  title = {Advanced Volume Illumination with Unconstrained Light Source Positioning},
  journal = {IEEE Computer Graphics and Applications},
  year = {2010},
  volume = {30},
  number = {6},
  pages = {29--41}
}

@inproceedings{hadwiger06deepshadowmaps,
	author = {Hadwiger, Markus and Kratz, Andrea and Sigg, Christian and B\"{u}hler, Katja},
	title = {GPU-Accelerated Deep Shadow Maps for Direct Volume Rendering},
	booktitle = {ACM SIGGRAPH/EG Conference on Graphics Hardware},
	year = {2006},
	pages = {27--28}
}

@inproceedings{segal92projtexmap,
    author = {Segal, Mark and Korobkin, Carl and van Widenfelt, Rolf and Foran, Jim and Haeberli, Paul},
    title = {Fast shadows and lighting effects using texture mapping},
    booktitle = {Proceedings of the 19th annual conference on Computer graphics and interactive techniques},
    series = {SIGGRAPH '92},
    year = {1992},
    pages = {249--252}
}
